@INPROCEEDINGS{8815526,
  author={Eisen, Mark and Ribeiro, Alejandro},
  booktitle={2019 IEEE 20th International Workshop on Signal Processing Advances in Wireless Communications (SPAWC)}, 
  title={Large Scale Wireless Power Allocation with Graph Neural Networks}, 
  year={2019},
  volume={},
  number={},
  pages={1-5},
  keywords={Power allocation;deep learning;graph neural networks;interference channel},
  doi={10.1109/SPAWC.2019.8815526}}
@ARTICLE{8680025,
  author={Eisen, Mark and Zhang, Clark and Chamon, Luiz F. O. and Lee, Daniel D. and Ribeiro, Alejandro},
  journal={IEEE Transactions on Signal Processing}, 
  title={Learning Optimal Resource Allocations in Wireless Systems}, 
  year={2019},
  volume={67},
  number={10},
  pages={2775-2790},
  keywords={Resource management;Wireless communication;Optimization;Training;Fading channels;Measurement;Interference;Wireless systems;deep learning;resource allocation;strong duality},
  doi={10.1109/TSP.2019.2908906}}
